% Bibliography for thesis
% Only includes references actually cited in the text

@article{batcher1968,
  title={Sorting networks and their applications},
  author={Batcher, Kenneth E},
  journal={Proceedings of the April 30--May 2, 1968, spring joint computer conference},
  pages={307--314},
  year={1968}
}

@article{krastnikov2020,
  title={Efficient oblivious database joins},
  author={Krastnikov, Simeon and Kerschbaum, Florian and Stebila, Douglas},
  journal={Proceedings of the VLDB Endowment},
  volume={13},
  number={11},
  pages={2132--2145},
  year={2020}
}

@inproceedings{chang2022,
  title={Oblivious query processing},
  author={Chang, Zhaoyan and Xie, Dong and Li, Feifei},
  booktitle={2022 IEEE 38th International Conference on Data Engineering (ICDE)},
  pages={1445--1458},
  year={2022},
  organization={IEEE}
}

@article{yannakakis1981,
  title={Algorithms for acyclic database schemes},
  author={Yannakakis, Mihalis},
  journal={Proceedings of the 7th International Conference on Very Large Data Bases},
  pages={82--94},
  year={1981}
}

@article{goldreich1996,
  title={Software protection and simulation on oblivious RAMs},
  author={Goldreich, Oded and Ostrovsky, Rafail},
  journal={Journal of the ACM (JACM)},
  volume={43},
  number={3},
  pages={431--473},
  year={1996}
}

@techreport{sgx2016,
  title={Intel SGX explained},
  author={Costan, Victor and Devadas, Srinivas},
  institution={IACR Cryptology ePrint Archive},
  number={2016/086},
  year={2016}
}

@inproceedings{opaque2017,
  title={Opaque: An oblivious and encrypted distributed analytics platform},
  author={Zheng, Wenting and Dave, Ankur and Beekman, Jethro G and Popa, Raluca Ada and Gonzalez, Joseph E and Stoica, Ion},
  booktitle={14th USENIX Symposium on Networked Systems Design and Implementation (NSDI 17)},
  pages={283--298},
  year={2017}
}

@article{oblidb2020,
  title={ObliDB: Oblivious query processing for secure databases},
  author={Eskandarian, Saba and Zaharia, Matei},
  journal={Proceedings of the VLDB Endowment},
  volume={13},
  number={2},
  pages={169--183},
  year={2020}
}

@article{hu2025optimal,
  title={Optimal Oblivious Algorithms for Multi-way Joins},
  author={Hu, Xiao and Wu, Zhiang},
  journal={arXiv preprint arXiv:2501.04216},
  year={2025}
}

@article{goodrich2014zigzag,
  title={Zig-zag sort: a simple deterministic data-oblivious sorting algorithm running in O(n log n) time},
  author={Goodrich, Michael T},
  journal={arXiv preprint arXiv:1403.2777},
  year={2014}
}

@inproceedings{wang2021secure,
  title={Secure Yannakakis: Join-Aggregate Queries over Private Data},
  author={Wang, Yilei and Yi, Ke},
  booktitle={Proceedings of the 2021 International Conference on Management of Data (SIGMOD '21)},
  pages={1445--1457},
  year={2021}
}